@misc{lee2019,
	title={Wide Neural Networks of Any Depth Evolve as Linear Models Under Gradient Descent}, 
	author={Jaehoon Lee and Lechao Xiao and Samuel S. Schoenholz and Yasaman Bahri and Roman Novak and Jascha Sohl-Dickstein and Jeffrey Pennington},
	year={2019},
	eprint={1902.06720},
	archivePrefix={arXiv},
	primaryClass={stat.ML}
}

@misc{simon2021,
	title={Neural Tangent Kernel Eigenvalues Accurately Predict Generalization}, 
	author={James B. Simon and Madeline Dickens and Michael R. DeWeese},
	year={2021},
	eprint={2110.03922},
	archivePrefix={arXiv},
	primaryClass={cs.LG}
}

@article{canatar2021,
	title={Spectral bias and task-model alignment explain generalization in kernel regression and infinitely wide neural networks},
	volume={12},
	ISSN={2041-1723},
	url={http://dx.doi.org/10.1038/s41467-021-23103-1},
	DOI={10.1038/s41467-021-23103-1},
	number={1},
	journal={Nature Communications},
	publisher={Springer Science and Business Media LLC},
	author={Canatar, Abdulkadir and Bordelon, Blake and Pehlevan, Cengiz},
	year={2021},
	month={May}
}

@article{neal1996,
	title={Bayesian Learning for Neural Networks},
	DOI={https://doi.org/10.1007/978-1-4612-0745-0},
	publisher={Springer, New York, NY}, 
	year={1996},
	author={Radford M. Neal}}

@article{Bahri,
	author    = {Yasaman Bahri and
	Ethan Dyer and
	Jared Kaplan and
	Jaehoon Lee and
	Utkarsh Sharma},
	title     = {Explaining Neural Scaling Laws},
	journal   = {CoRR},
	volume    = {abs/2102.06701},
	year      = {2021},
	url       = {https://arxiv.org/abs/2102.06701},
	eprinttype = {arXiv},
	eprint    = {2102.06701},
	timestamp = {Thu, 18 Feb 2021 15:26:00 +0100},
	biburl    = {https://dblp.org/rec/journals/corr/abs-2102-06701.bib},
	bibsource = {dblp computer science bibliography, https://dblp.org}
}